@inproceedings{dally2001route,
  title={Route packets, not wires: on-chip inteconnection networks},
  author={Dally, William J and Towles, Brian},
  booktitle={Proceedings of the 38th annual design automation conference},
  pages={684--689},
  year={2001}
}
@book{duato2002interconnection,
  title={Interconnection networks},
  author={Duato, Jose and Yalamanchili, Sudhakar and Ni, Lionel},
  year={2002},
  publisher={Elsevier}
}
@article{scott2006blackwidow,
  title={The blackwidow high-radix clos network},
  author={Scott, Steve and Abts, Dennis and Kim, John and Dally, William J},
  journal={ACM SIGARCH Computer Architecture News},
  volume={34},
  number={2},
  pages={16--28},
  year={2006},
  publisher={ACM New York, NY, USA}
}
@article{glass1992turn,
  title={The turn model for adaptive routing},
  author={Glass, Christopher J and Ni, Lionel M},
  journal={ACM SIGARCH Computer Architecture News},
  volume={20},
  number={2},
  pages={278--287},
  year={1992},
  publisher={ACM New York, NY, USA}
}
@article{duato2002new,
  title={A new theory of deadlock-free adaptive routing in wormhole networks},
  author={Duato, Jose},
  journal={IEEE transactions on parallel and distributed systems},
  volume={4},
  number={12},
  pages={1320--1331},
  year={2002},
  publisher={IEEE}
}
@article{benini2002networks,
  title={Networks on chips: A new SoC paradigm},
  author={Benini, Luca and De Micheli, Giovanni},
  journal={computer},
  volume={35},
  number={1},
  pages={70--78},
  year={2002},
  publisher={IEEE}
}
@article{dally1992virtual,
  title={Virtual-channel flow control},
  author={Dally, William J and others},
  journal={IEEE Transactions on Parallel and Distributed systems},
  volume={3},
  number={2},
  pages={194--205},
  year={1992}
}
